@misc { daVinciMachine,
title = "The Da Vinci Machine",
note = "\url{http://openjdk.java.net/projects/mlvm/}"
}

@misc { dlr,
title = "Dynamic Language Runtime",
note = "\url{http://www.codeplex.com/dlr}"
}

@misc { jruby,
title = "JRuby",
note = "\url{http://jruby.codehaus.org/}"
}

@misc { jython,
title = "Jython",
note = "\url{http://www.jython.org/}"
}

@misc { ironruby,
title = "IronRuby",
note = "\url{http://www.ironruby.net/}"
}

@misc { ironpython,
title = "IronPython",
note = "\url{http://www.codeplex.com/IronPython}"
}

@misc { clhs_symbols,
title = "CLHS symbol type",
note = "\url{http://www.lispworks.com/documentation/HyperSpec/Body/t_symbol.htm#symbol}"
}

@misc { ruby_symbols,
title = "Clasa Symbol din limbajul Ruby",
note = "\url{http://www.ruby-doc.org/core/classes/Symbol.html}"
}

@misc { io,
title = "Limbajul Io",
note = "\url{http://iolanguage.com}"
}

@misc { io_blocks,
title = "Blocks in limbajul Io",
note = "\url{http://iolanguage.com/scm/git/checkout/Io/docs/IoGuide.html#Objects-Blocks}"
}

@misc { smalltalk,
title = "Limbajul SmallTalk",
note = "\url{http://www.smalltalk.org/articles/article_20040000_11.html}"
}
